<record><leader>00000cas a2200000 a 4500</leader><controlfield tag="001">21766913</controlfield><controlfield tag="008">900611d18871905iluwr ne      0    0eng c</controlfield><datafield ind1=" " ind2=" " tag="010"><subfield code="a">sn 90054942 </subfield></datafield><datafield ind1=" " ind2=" " tag="040"><subfield code="a">NVF</subfield><subfield code="b">eng</subfield><subfield code="c">NVF</subfield><subfield code="d">DLC</subfield><subfield code="d">NVF</subfield><subfield code="d">OCLCQ</subfield><subfield code="d">NVF</subfield><subfield code="d">OCLCQ</subfield><subfield code="d">NVF</subfield><subfield code="d">OCLCF</subfield><subfield code="d">OCLCO</subfield></datafield><datafield ind1="1" ind2=" " tag="029"><subfield code="a">AU@</subfield><subfield code="b">000022549717</subfield></datafield><datafield ind1=" " ind2=" " tag="042"><subfield code="a">pcc</subfield></datafield><datafield ind1=" " ind2=" " tag="043"><subfield code="a">n-us-il</subfield></datafield><datafield ind1="0" ind2="0" tag="245"><subfield code="a">Arthur graphic.</subfield></datafield><datafield ind1=" " ind2=" " tag="260"><subfield code="a">Arthur [Ill.] :</subfield><subfield code="b">T.J. Haney</subfield></datafield><datafield ind1=" " ind2=" " tag="300"><subfield code="a">v.</subfield></datafield><datafield ind1=" " ind2=" " tag="310"><subfield code="a">Weekly</subfield></datafield><datafield ind1="1" ind2=" " tag="362"><subfield code="a">Began in 1887.</subfield></datafield><datafield ind1="0" ind2=" " tag="362"><subfield code="a">-v. 19, no. 21 (Oct. 6, 1905).</subfield></datafield><datafield ind1=" " ind2=" " tag="580"><subfield code="a">Merged with: Arthur clarion, to form: Arthur graphic-clarion.</subfield></datafield><datafield ind1=" " ind2=" " tag="588"><subfield code="a">Description based on: 1st year, no. 5 (June 3, 1887).</subfield></datafield><datafield ind1=" " ind2="0" tag="651"><subfield code="a">Arthur (Ill.)</subfield><subfield code="v">Newspapers.</subfield></datafield><datafield ind1=" " ind2="7" tag="655"><subfield code="a">Newspapers.</subfield><subfield code="2">fast</subfield><subfield code="0">(OCoLC)fst01423814</subfield></datafield><datafield ind1=" " ind2="7" tag="651"><subfield code="a">Illinois</subfield><subfield code="z">Arthur.</subfield><subfield code="2">fast</subfield><subfield code="0">(OCoLC)fst01252679</subfield></datafield><datafield ind1=" " ind2=" " tag="752"><subfield code="a">United States</subfield><subfield code="b">Illinois</subfield><subfield code="c">Douglas</subfield><subfield code="d">Arthur.</subfield></datafield><datafield ind1="1" ind2="7" tag="785"><subfield code="t">Arthur clarion</subfield><subfield code="w">(DLC)sn 90054943</subfield><subfield code="w">(OCoLC)21767064</subfield></datafield><datafield ind1="1" ind2="7" tag="785"><subfield code="t">Arthur graphic-clarion</subfield><subfield code="w">(DLC)sn 90054944</subfield><subfield code="w">(OCoLC)21767232</subfield></datafield></record>